@book{adams1995hitchhiker,
  title={The Hitchhiker's Guide to the Galaxy},
  author={Adams, D.},
  isbn={9781417642595},
  url={http://books.google.com/books?id=W-xMPgAACAAJ},
  year={1995},
  publisher={San Val}
}

@book{hdd-ssd,
  key = {SSD Upgrade},
  title = {Should you upgrade? From a Hard Drive to an SSD},
  author = {},
  url={http://www.tomshardware.com/reviews/ssd-upgrade-hdd-performance,3023-6.html},
  year = {2011},
  note = {\\\url{http://www.tomshardware.com/reviews/ssd-upgrade-hdd-performance,3023-6.html}}
}
